@article{zymaris2009continuous,
	title={Continuous adjoint approach to the Spalart--Allmaras turbulence model for incompressible flows},
	author={Zymaris, AS and Papadimitriou, DI and Giannakoglou, KC and Othmer, C},
	journal={Computers \& Fluids},
	volume={38},
	number={8},
	pages={1528--1538},
	year={2009},
	publisher={Elsevier}
}
@article{kavvadias2015continuous,
	title={The continuous adjoint approach to the k--$\omega$ SST turbulence model with applications in shape optimization},
	author={Kavvadias, IS and Papoutsis-Kiachagias, EM and Dimitrakopoulos, G and Giannakoglou, KC},
	journal={Engineering Optimization},
	volume={47},
	number={11},
	pages={1523--1542},
	year={2015},
	publisher={Taylor \& Francis}
}

@article{fletcher1987practical,
	title={Practical methods of optimization john wiley \& sons},
	author={Fletcher, Roger},
	journal={New York},
	volume={80},
	pages={4},
	year={1987}
}
@inproceedings{spalart1992one,
	title={A one-equation turbulence model for aerodynamic flows},
	author={Spalart, Philippe and Allmaras, Steven},
	booktitle={30th aerospace sciences meeting and exhibit},
	pages={439},
	year={1992}
}
@book{anderson1997computational,
	title={Computational fluid mechanics and heat transfer},
	author={Anderson, Dale A and Tannehill, John C and Pletcher, Richard H},
	year={1997},
	publisher={Taylor \& Francis}
}
@article{van1984enhancements,
	title={Enhancements of the SIMPLE method for predicting incompressible fluid flows},
	author={Van Doormaal, Jeffrey P and Raithby, George D},
	journal={Numerical heat transfer},
	volume={7},
	number={2},
	pages={147--163},
	year={1984},
	publisher={Taylor \& Francis}
}
@inproceedings{lotfi2006shape,
	title={Shape optimisation of axial fan blades using genetic algorithms and a 3D Navier-Stokes solver},
	author={Lotfi, O and Teixeira, JA and Ivey, PC and Kinghorn, IR and Sheard, AG},
	booktitle={Turbo Expo: Power for Land, Sea, and Air},
	volume={4241},
	pages={1373--1383},
	year={2006}
}
@inproceedings{blinov2019multi,
	title={Multi-criteria optimisation of subsonic axial compressor blading},
	author={Blinov, Vitalii and Sedunin, Viacheslav and Komarov, Oleg},
	booktitle={IOP Conference Series: Materials Science and Engineering},
	volume={643},
	pages={012133},
	year={2019},
	organization={IOP Publishing}
}
@article{jafari2018aerodynamic,
	title={Aerodynamic analysis of a linear cascade wind turbine},
	author={Jafari, SAH and Kwok, Kenny CS and Safaei, Farzad and Kosasih, Buyung},
	journal={Wind Energy},
	volume={21},
	number={11},
	pages={1141--1154},
	year={2018},
	publisher={Wiley Online Library}
}
@inproceedings{hobbs1983development,
	title={Development of controlled diffusion airfoils for multistage compressor application},
	author={Hobbs, DE and Weingold, HD},
	booktitle={Turbo Expo: Power for Land, Sea, and Air},
	volume={79511},
	pages={V001T01A058},
	year={1983},
	organization={American Society of Mechanical Engineers}
}
 
@inproceedings{song2014blade,
	title={Blade shape optimization of transonic axial flow fan in terms of sectional profiles and stacking line},
	author={Song, Peng and Sun, Jinju and Wang, Ke},
	booktitle={Turbo Expo: Power for Land, Sea, and Air},
	volume={45615},
	pages={V02BT39A016},
	year={2014},
	organization={American Society of Mechanical Engineers}
}

@book{saad2003iterative,
	title={Iterative methods for sparse linear systems},
	author={Saad, Yousef},
	year={2003},
	publisher={SIAM}
}

@article{menter1994two,
	title={Two-equation eddy-viscosity turbulence models for engineering applications},
	author={Menter, Florian R},
	journal={AIAA journal},
	volume={32},
	number={8},
	pages={1598--1605},
	year={1994}
}
@article{menter2003ten,
	title={Ten years of industrial experience with the SST turbulence model},
	author={Menter, Florian R and Kuntz, Martin and Langtry, Robin},
	journal={Turbulence, heat and mass transfer},
	volume={4},
	number={1},
	pages={625--632},
	year={2003}
}
@article{rumsey2013menter,
	title={The Menter shear stress transport turbulence model},
	author={Rumsey, Christopher},
	journal={Web Article},
	year={2013}
}


@book{hestenes1952methods,
	title={Methods of conjugate gradients for solving linear systems},
	author={Hestenes, Magnus Rudolph and Stiefel, Eduard and others},
	volume={49},
	year={1952},
	publisher={NBS Washington, DC}
}
@article{rosen1960gradient,
	title={The gradient projection method for nonlinear programming. Part I. Linear constraints},
	author={Rosen, Jo Bo},
	journal={Journal of the society for industrial and applied mathematics},
	volume={8},
	number={1},
	pages={181--217},
	year={1960},
	publisher={SIAM}
}

@article{kovavr2021searching,
	title={Searching for the Most Suitable Loss Model Set for Subsonic Centrifugal Compressors Using an Improved Method for Off-Design Performance Prediction},
	author={Kov{\'a}{\v{r}}, Patrik and Tater, Adam and Ma{\v{c}}{\'a}k, Pavel and Vampola, Tom{\'a}{\v{s}}},
	journal={Energies},
	volume={14},
	number={24},
	pages={8545},
	year={2021},
	publisher={Multidisciplinary Digital Publishing Institute}
}

@article{dalbert1999radial,
	title={Radial compressor design for industrial compressors},
	author={Dalbert, P and Ribi, B and Kmeci, T and Casey, MV},
	journal={Proceedings of the Institution of Mechanical Engineers, Part C: Journal of Mechanical Engineering Science},
	volume={213},
	number={1},
	pages={71--83},
	year={1999},
	publisher={SAGE Publications Sage UK: London, England}
}

@article{cumpsty1989compressor,
	title={Compressor aerodynamics},
	author={Cumpsty, Nicholas A},
	journal={Longman Scientific \& Technical},
	year={1989}
}


@book{nocedal1999numerical,
	title={Numerical optimization},
	author={Nocedal, Jorge and Wright, Stephen},
	year={1999},
	publisher={Springer Science \& Business Media}
}

@article{tater2021mesh,
title={Mesh Suitability for CFD Simulations Performed on AxialCompressor Airfoil Cascades},
author={Tater, Adam and Ma\v{c}{\'{a}}k, Pavel and Kov{\'{a}}\v{r}, Patrik and Ka\v{n}ka, Tom{\'{a}}\v{s} and Vampola, Tom{\'{a}}\v{s} },
year={předloženo 2021},
journal={Journal of the Serbian Society for Computational Mechanics}
}


@article{sorgiovanni2017robust,
	title={A robust open-source adjoint optimization method for external aerodynamics},
	author={Sorgiovanni, Giuseppe},
	year={2017},
	publisher={Italy}
}
@book{yang2020nature,
	title={Nature-inspired optimization algorithms},
	author={Yang, Xin-She},
	year={2020},
	publisher={Academic Press}
}
@inproceedings{vstefek2011benchmarking,
	title={Benchmarking of heuristic optimization methods},
	author={{\v{S}}tefek, Alexandr},
	booktitle={14th International Conference Mechatronika},
	pages={68--71},
	year={2011},
	organization={IEEE}
}


@article{papoutsis2015noise,
	title={Noise reduction in car aerodynamics using a surrogate objective function and the continuous adjoint method with wall functions},
	author={Papoutsis-Kiachagias, EM and Magoulas, N and Mueller, J and Othmer, C and Giannakoglou, KC},
	journal={Computers \& Fluids},
	volume={122},
	pages={223--232},
	year={2015},
	publisher={Elsevier}
}


@inproceedings{steinert1990design,
	title={Design and testing of a controlled diffusion airfoil cascade for industrial axial flow compressor application},
	author={Steinert, W and Eisenberg, B and Starken, H},
	booktitle={Turbo Expo: Power for Land, Sea, and Air},
	volume={79047},
	pages={V001T01A044},
	year={1990},
	organization={American Society of Mechanical Engineers}
}


@article{othmer2008continuous,
	title={A continuous adjoint formulation for the computation of topological and surface sensitivities of ducted flows},
	author={Othmer, Carsten},
	journal={International journal for numerical methods in fluids},
	volume={58},
	number={8},
	pages={861--877},
	year={2008},
	publisher={Wiley Online Library}
}


@article{papoutsis2016continuous,
	title={Continuous adjoint methods for turbulent flows, applied to shape and topology optimization: industrial applications},
	author={Papoutsis-Kiachagias, Evangelos M and Giannakoglou, Kyriakos C},
	journal={Archives of Computational Methods in Engineering},
	volume={23},
	number={2},
	pages={255--299},
	year={2016},
	publisher={Springer}
}


@book{karman2000genetic,
	title={von Karman Institute Lectures Series on Genetic Algorithms for Optimization in Aeronautics and Turbomachinery: May 15-19, 2000},
	author={Périaux, J and Degrez, G and Deconinck, H},
	year={2000},
	publisher={von Karman Institute for Fluid Dynamics}
}

@book{karman1997inverse,
	title={von Karman Institute Lectures Series on Inverse Design and Optimisation Methods: April 21-25, 1997},
	author={van den Braembussche, R and Manna, M},
	year={1997},
	publisher={von Karman Institute for Fluid Dynamics}
}

@incollection{patankar1983calculation,
	title={A calculation procedure for heat, mass and momentum transfer in three-dimensional parabolic flows},
	author={Patankar, Suhas V and Spalding, D Brian},
	booktitle={Numerical prediction of flow, heat transfer, turbulence and combustion},
	pages={54--73},
	year={1983},
	publisher={Elsevier}
}



@book{furst2020mko2,
	title={Metoda konečných objemů II},
	author={Jiří Fürst},
	year={2020}
}


@book{blazek2015computational,
	title={Computational fluid dynamics: principles and applications},
	author={Blazek, Jiri},
	year={2015},
	publisher={Butterworth-Heinemann}
}

@book{dvorak1987vnitrniaerodynamika,
	title={Vnitřní aerodynamika},
	author={Dvořák, Rudolf},
	year={1987},
	publisher={ČVUT}
}

@article{shapiro1953dynamics,
	title={The dynamics and thermodynamics of compressible fluid flow},
	author={Shapiro, Ascher H},
	journal={New York: Ronald Press},
	year={1953}
}


@book{hirsch2007numerical,
	title={Numerical computation of internal and external flows: The fundamentals of computational fluid dynamics},
	author={Hirsch, Charles},
	year={2007},
	publisher={Elsevier}
}


@article{papadimitriou2007continuous,
	title={A continuous adjoint method with objective function derivatives based on boundary integrals, for inviscid and viscous flows},
	author={Papadimitriou, DI and Giannakoglou, KC},
	journal={Computers \& Fluids},
	volume={36},
	number={2},
	pages={325--341},
	year={2007},
	publisher={Elsevier}
}

@inproceedings{schramm2014adjoint,
	title={Adjoint optimization of 2D-airfoils in incompressible flows},
	author={Schramm, M and Stoevesandt, B and Peinke, J},
	booktitle={11th World Congress on Computational Mechanics, Wccm},
	pages={6200--6211},
	year={2014}
}

@article{weller1998tensorial,
	title={A tensorial approach to computational continuum mechanics using object-oriented techniques},
	author={Weller, Henry G and Tabor, Gavin and Jasak, Hrvoje and Fureby, Christer},
	journal={Computers in physics},
	volume={12},
	number={6},
	pages={620--631},
	year={1998},
	publisher={American Institute of Physics}
}


@manual{adjoint2020foam,
	title={adjointOptimisationFoam, an OpenFOAM-based optimisation tool},
	author={Giannakoglou K.C., Papoutsis-Kiachagias E.M., Gkaragkounis K.T.},
	date={2020}
}

@article{Ames1953_Equations,
	title={Equations, tables and charts for compressible flow},
	author={Ames Research Staff},
	journal={The National Advisory Committee for Aeronautics Report 1135},
	year={1953}
}

@article{Aungier95_Mean,
	author = {Aungier, R. H.},
	title = "{Mean Streamline Aerodynamic Performance Analysis of Centrifugal Compressors}",
	journal = {Journal of Turbomachinery},
	volume = {117},
	number = {3},
	pages = {360-366},
	year = {1995},
	month = {07},
	issn = {0889-504X}
}

@book{Aungier2000_book,
	title={Centrifugal Compressors: A Strategy for Aerodynamic Design and Analysis},
	author={Aungier, R. H.},
	year={2000},
	publisher={ASME Press},
}

@book{Barbosa_1987,
	title={Streamline curvature computational programme for axial compressor performance prediction},
	author={Barbosa, JR},
	year={1987},
	publisher={Cranfield University}
}

@article{Blasius1950_Boundary,
	title={The boundary layers in fluids with little friction},
	author={Blasius, H.},
	year={1950}
}

@inproceedings{Bogdanets2019_Validation,
	title={Validation of a CFD model of a single stage centrifugal compressor by mass-averaged parameters},
	author={Bogdanets, S. and Blinov, V. and Sedunin, V. and Komarov, O. and Skorohodov, A.},
	booktitle={EPJ Web of Conferences},
	volume={196},
	pages={00026},
	year={2019},
	organization={EDP Sciences}
}

@inproceedings{Boyce1972,
	title={New Developments in Compressor Aerodynamics},
	author={Boyce, M. P. and others},
	booktitle={Proceedings of the 1st Turbomachinery Symposium},
	year={1972},
	organization={Texas A\&M University. Gas Turbine Laboratories}
}

@article{Busemann1928_SlipFactor,
	title={Das F{\"o}rderh{\"o}henverh{\"a}ltnis radialer Kreiselpumpen mit logarithmisch-spiraligen Schaufeln},
	author={Busemann, A.},
	journal={ZAMM-Journal of Applied Mathematics and Mechanics/Zeitschrift f{\"u}r Angewandte Mathematik und Mechanik},
	volume={8},
	number={5},
	pages={372--384},
	year={1928},
	publisher={Wiley Online Library}
}

@inproceedings{Conrad1979TheCO,
	title={The calculation of performance maps for centrifugal compressors with vane-island diffusers},
	author={Conrad, O. and Raif, K. and Wessels, M.},
	year={1979},
	booktitle = {In Proceedings of the ASME Twenty-fifth Annual International Gas Turbine Conference and Twenty Second Annual Fluids Engineering Conference on Performance Prediction of Centrifugal Pumps and Compressors},
}

@techreport{Coppage1956_Study,
	title={Study of supersonic radial compressors for refrigeration and pressurization systems},
	author={Coppage, J.E. and Dallenbach, F.},
	year={1956},
	institution={Garrett Corp Los Angeles Ca AiResearch MFG DIV}
}

@book{Cumpsty2004_compressor,
	title={Compressor Aerodynamics},
	author={Cumpsty, N.A.},
	isbn={9781575242477},
	year={2004},
	publisher={Krieger Publishing Company}
}

@article{Daily1960,
	author = {Daily, J. W. and Nece, R. E.},
	title = "{Chamber Dimension Effects on Induced Flow and Frictional Resistance of Enclosed Rotating Disks}",
	journal = {ASME. J. Basic Eng.},
	volume = {82},
	number = {1},
	pages = {217–230},
	year = {1960},
	month = {03},
	doi = {https://doi.org/10.1115/1.3662532},
}

@article{Dalbert1999_industrial,
	author = {P Dalbert and B Ribi and T Kmeci and M. V. Casey},
	title ={Radial compressor design for industrial compressors},
	journal = {Proceedings of the Institution of Mechanical Engineers, Part C: Journal of Mechanical Engineering Science},
	volume = {213},
	number = {1},
	pages = {71-83},
	year = {1999},
	doi = {10.1243/0954406991522194},
	
	URL = { 
	https://doi.org/10.1243/0954406991522194
	
	},
	eprint = { 
	https://doi.org/10.1243/0954406991522194
	
	}
	,
	abstract = { AbstractIndustrial centrifugal compressors have a very large field of applications in chemical, petrochemical and gas transport applications with an enormous variety of gases, pressure levels and suction volumes. This paper describes the special design features of this type of compressor and sheds light on a method of standardization to overcome the large diversity of machine types. It reviews the aerodynamic and thermodynamic aspects in the design of impellers and diffusers, discusses the importance of the stage matching and illuminates the effect of stage components on stability. }
}

@book{Farokhi2014_propulsion,
	title={Compressor Aerodynamics},
	author={Farokhi, S.},
	isbn={9781118806777},
	year={2014},
	publisher={John Wiley \& Sons Ltd}
}

@article{Gravdahl1999_IncidenceLoss,
	title={Centrifugal compressor surge and speed control},
	author={Gravdahl, J. T. and Egeland, O.},
	journal={IEEE Transactions on control systems technology},
	volume={7},
	number={5},
	pages={567--579},
	year={1999},
	publisher={IEEE}
}

@article{Gravdahl2004_Modeling,
	title={Modeling of surge in free-spool centrifugal compressors: Experimental validation},
	author={Gravdahl, J. T. and Willems, F. and De Jager, B. and Egeland, O.},
	journal={Journal of propulsion and power},
	volume={20},
	number={5},
	pages={849--857},
	year={2004}
}

@article{Kovar2021_Influence,
	title={Influence of input parameters in radial compressor design algorithm on the efficiency and its sensitivity analysis},
	author={Kov{\'a}{\v{r}}, P. and Ka{\v{n}}ka, T. and Ma{\v{c}}{\'a}k, P. and Tater, A. and Vampola, T.},
	journal={Applied and Computational Mechanics},
	year={2021},
	publisher={University of West Bohemia}
}

@techreport{KrylovAndSpunde1967,
	title={About the influence of the clearance
	between the working blades and housing of a radial turbine on its
	exponent},
	author={Krylov, E.P. and Spunde, E.A.},
	year={1967},
}

@article{Eckardt1979_FlowField,
	title={Flow field analysis of radial and backswept centrifugal compressor impellers. I-Flow measurements using a laser velocimeter},
	author={Eckardt, D.},
	journal={Performance prediction of centrifugal pumps and compressors},
	pages={77--86},
	year={1979}
}

@article{Eckardt1975_Instantaneous,
	title={Instantaneous measurements in the jet-wake discharge flow of a centrifugal compressor impeller},
	author={Eckardt, D.},
	year={1975}
}

@article{Elzahaby2018_Automated,
	title={Automated optimization of centrifugal compressors "Eckardt rotor O"},
	author={Elzahaby, A. M. and Khalil, M. K. and Al Moghazy, M. E.},
	journal={Journal of Engineering Research},
	volume={2},
	number={August},
	pages={48--62},
	year={2018},
	publisher={Tanta University, Faculty of Engineering}
}

@book{Galvas1973_FORTRAN,
	title={FORTRAN Program for Predicting Off-design Performance of Centrifugal Compressors},
	author={Galvas, M.R. and Lewis Research Center and U.S. Army Air Mobility Research and Development Laboratory},
	series={NASA technical note},
	year={1973},
	publisher={National Aeronautics and Space Administration}
}

@book{Jansen1967,
	title={Internal Aerodynamics turbomachinery: a Conference (on Internal Aerodynamics,) Cambridge, 19.-21.7.1967},
	author={Royal Society},
	year={1970},
	publisher={Inst. of Mech. Engineers}
}

@article{Johnston1966,
	title={Losses in Vaneless Diffusers of Centrifugal Compressors and Pumps: Analysis, Experiment, and Design},
	author={Johnston, J. P. and Dean, R.},
	journal={Journal of Engineering for Power},
	year={1966},
	volume={88},
	pages={49-60}
}

@article{Kosuge82,
	author = {Kosuge, H. and Ito, T. and Nakanishi, K.},
	title = "{A Consideration Concerning Stall and Surge Limitations Within Centrifugal Compressors}",
	journal = {ASME J. Eng. Power. },
	volume = {104},
	number = {4},
	pages = {782–787},
	year = {1982},
	month = {09},
	doi = {https://doi.org/10.1115/1.3227344},
}

@article{Li2015_LossModel,
	title={A new optimization method for centrifugal compressors based on 1D calculations and analyses},
	author={Li, P. and Gu, Ch. and Song, Y.},
	journal={Energies},
	volume={8},
	number={5},
	pages={4317--4334},
	year={2015},
	publisher={Multidisciplinary Digital Publishing Institute}
}

@inproceedings{Li_2018,
	title={Axial compressor performance prediction using improved streamline curvature approach},
	author={Li, Tao and Wu, Yadong and Ouyang, Hua and Qiang, Xiaoqing},
	booktitle={Turbo Expo: Power for Land, Sea, and Air},
	volume={51012},
	pages={V02CT42A010},
	year={2018},
	organization={American Society of Mechanical Engineers}
}

@article{Lieblein1959,
	author = {Lieblein, S.},
	title = "{Loss and Stall Analysis of Compressor Cascades}",
	journal = {ASME. J. Basic Eng.},
	volume = {81},
	pages = {387–400},
	year = {1959},
}

@article{Oh1997_LossModel,
	author = {Oh H. W. and Yoon E. S. and Chung M. K.},
	title ={An optimum set of loss models for performance prediction of centrifugal compressors},
	journal = {Proceedings of the Institution of Mechanical Engineers, Part A: Journal of Power and Energy},
	volume = {211},
	number = {4},
	pages = {331-338},
	year = {1997}
}

@article{Oh2002,
	author = {Oh, H. W. and Yoon, E. S. and Chung, M. K.},
	title ={Systematic two-zone modelling for performance prediction of centrifugal compressors},
	journal = {Proceedings of the Institution of Mechanical Engineers, Part A: Journal of Power and Energy},
	volume = {216},
	number = {1},
	pages = {75-87},
	year = {2002}
}

@article{Peyvan_2016,
	title={Axial-Flow Compressor Performance Prediction in Design and Off-Design Conditions through 1-D and 3-D Modeling and Experimental Study.},
	author={Peyvan, A and Benisi, AH},
	journal={Journal of Applied Fluid Mechanics},
	volume={9},
	number={5},
	year={2016}
}

@article {Piegl1991_NURBS,
	author = {Piegl L.},
	journal = {IEEE Computer Graphics and Applications},
	title = {On NURBS: a Survey},
	year = {1991},
	volume = {11},
	number = {01},
	issn = {1558-1756},
	pages = {55-71},
	keywords = {},
	doi = {10.1109/38.67702},
	publisher = {IEEE Computer Society},
	address = {Los Alamitos, CA, USA},
}

@article{Prandtl1925,
	title={7. Bericht {\"u}ber Untersuchungen zur ausgebildeten Turbulenz},
	author={Prandtl, L.},
	journal={ZAMM-Journal of Applied Mathematics and Mechanics/Zeitschrift f{\"u}r Angewandte Mathematik und Mechanik},
	volume={5},
	number={2},
	pages={136--139},
	year={1925},
	publisher={Wiley Online Library}
}

@article{Rodgers1968,
	author = {Rodgers, C.},
	title ="{Paper 5: A Cycle Analysis Technique for Small Gas Turbines}",
	journal = {Proceedings of the Institution of Mechanical Engineers, Conference Proceedings},
	volume = {183},
	number = {14},
	pages = {37-49},
	year = {1968},
}

@book{shepherd1956,
	title={Principles of turbomachinery},
	author={Shepherd, D.},
	year={1956},
	publisher={Macmillan Publishing Company},
}

@article{schiff2013preliminary,
	title={A preliminary design tool for radial compressors},
	author={Schiff, J.},
	journal={ISRN LUTMDN/TMHP--13/5287--SE},
	year={2013}
}

@article{Schuster1979_FlowField,
	title={Flow field analysis of radial and backswept centrifugal compressor impellers. II-Comparison of potential flow calculations and measurements},
	author={Schuster P. and Schmidt-Eisenlohr U.},
	journal={Performance Prediction of Centrifugal Pumps and Compressors},
	pages={87--95},
	year={1979}
}

@article{Stanitz1953,
	title={Effect of blade-thickness taper on axial-velocity distribution at the leading edge of an entrance rotor-blade row with axial inlet, and the influence of this distribution on alignment of the rotor blade for zero angle of attack},
	author={Stanitz, J. D.},
	year={1953}
}

@book{Stodola1927_SlipFactor,
	title={Steam and gas turbines: with a supplement on the prospects of the thermal prime mover},
	author={Stodola, A.},
	volume={2},
	year={1927},
	publisher={McGraw-Hill}
}

@article{Sutherland1893_Law,
	title={LII. The viscosity of gases and molecular force},
	author={Sutherland, W.},
	journal={The London, Edinburgh, and Dublin Philosophical Magazine and Journal of Science},
	volume={36},
	number={223},
	pages={507--531},
	year={1893},
	publisher={Taylor \& Francis}
}

@article{Thanapandi1990_Performance,
	title={Performance prediction and loss analysis of low specific speed submersible pumps},
	author={Thanapandi, P. and Prasad, R.},
	journal={Proceedings of the Institution of Mechanical Engineers, Part A: Journal of Power and Energy},
	volume={204},
	number={4},
	pages={243--252},
	year={1990},
	publisher={SAGE Publications Sage UK: London, England}
}

@article{Velasquez2017_LossModel,
	title={Determination of a suitable set of loss models for centrifugal compressor performance prediction},
	author={Vel{\'a}squez, E. I. G.},
	journal={Chinese Journal of Aeronautics},
	volume={30},
	number={5},
	pages={1644--1650},
	year={2017},
	publisher={Elsevier}
}

@article{Watabe1961,
	author = {Watabe, K.},
	title ={Experiments on Fluid Friction of Rotating Disc with Blades},
	journal = {Transactions of the Japan Society of Mechanical Engineers},
	volume = {177},
	number = {27},
	pages = {543-552},
	year = {1961},
}

@article{Watabe1965,
	author = {Watabe, K.},
	title ="{Effects of Clearances and Grooves on Fluid Friction of Rotating Discs}",
	journal = {Japan Society of Mechanical Engineers, Bulletin},
	volume = {8},
	number = {29},
	pages = {55-63},
	year = {1965},
}

@article{White_2002,
	title={Axial compressor performance modelling with a quasi-one-dimensional approach},
	author={White, NM and Tourlidakis, A and Elder, RL},
	journal={Proceedings of the Institution of Mechanical Engineers, Part A: Journal of Power and Energy},
	volume={216},
	number={2},
	pages={181--193},
	year={2002},
	publisher={SAGE Publications Sage UK: London, England}
}

@book{Whitfield1990_DesignOfRadialTurbomachines,
	title={Design of radial turbomachines},
	author={Whitfield, A. and Baines, N. C.},
	year={1990},
	publisher={New York, NY (USA); John Wiley and Sons Inc.}
}

@article{Wiesner1967_ReviewOfSlipFactors,
	title={A review of slip factors for centrifugal impellers},
	author={Wiesner, F. J.},
	year={1967}
}

@book{Wislicenus1947_Fluid,
	title={Fluid mechanics of turbomachinery},
	author={Wislicenus, G. F.},
	year={1947},
	publisher={McGraw-Hill Book Company}
}

@inproceedings{Xu_2006,
	title={Centrifugal compressor design considerations},
	author={Xu, C},
	booktitle={Fluids Engineering Division Summer Meeting},
	volume={47519},
	pages={217--225},
	year={2006}
}

@article{Weyer,
	author = {Weyer, H. and Schodl, R.},
	title = "{Development and Testing of Techniques for Oscillating Pressure Measurements Especially Suitable for Experimental Work in Turbomachinery}",
	journal = {Journal of Basic Engineering},
	volume = {93},
	number = {4},
	pages = {603-609},
	year = {1971},
	month = {12},
	abstract = "{Strong pressure oscillations of high frequencies and high amplitudes occur in the region of turbomachine rotors. The measurement of the average pressures resulting from these oscillations is one of the most important measuring problems in turbomachinery, because the pneumatic measuring systems usually used in such tests yield average pressures which normally do not agree with the true time-integrated values. This paper deals with an investigation aimed at the development of techniques, which permit the measurement of well-defined average values of oscillating pressures. Three different methods developed and tested at DFVLR are described. Two of them—a hydraulic and a mechanical one—are able to measure the true time-averaged pressures with an accuracy better than 0.5 percent of the acting pressure amplitude. The third procedure is based on an evaluation method by means of which the average pressures indicated by special pneumatic measuring systems can be correlated to the true time-weighted values. Experimental and computed results are presented showing a very good agreement.}",
	issn = {0021-9223},
	doi = {10.1115/1.3425315},
	url = {https://doi.org/10.1115/1.3425315},
	eprint = {https://asmedigitalcollection.asme.org/fluidsengineering/article-pdf/93/4/603/5617738/603\_1.pdf},
}

@article{Zhang2019_LossModel,
	title={A method to select loss correlations for centrifugal compressor performance prediction},
	author={Zhang, Ch. and Dong, X. and Liu, X. and Sun, Z. and Wu, S. and Gao, Q. and Tan, Ch.},
	journal={Aerospace Science and Technology},
	volume={93},
	year={2019},
}